<record><leader>00000cas a2200000 a 4500</leader><controlfield tag="001">13277049</controlfield><controlfield tag="008">860310d187818uumiuwr ne      0    0eng c</controlfield><datafield ind1=" " ind2=" " tag="010"><subfield code="a">sn 86063380 </subfield></datafield><datafield ind1=" " ind2=" " tag="040"><subfield code="a">KSH</subfield><subfield code="b">eng</subfield><subfield code="c">KSH</subfield><subfield code="d">NPT</subfield><subfield code="d">MHN</subfield><subfield code="d">OCL</subfield><subfield code="d">OCLCQ</subfield><subfield code="d">OCLCF</subfield><subfield code="d">OCLCO</subfield></datafield><datafield ind1="1" ind2=" " tag="029"><subfield code="a">AU@</subfield><subfield code="b">000004602252</subfield></datafield><datafield ind1=" " ind2=" " tag="042"><subfield code="a">pcc</subfield></datafield><datafield ind1=" " ind2=" " tag="043"><subfield code="a">n-us-mi</subfield></datafield><datafield ind1="0" ind2=" " tag="130"><subfield code="a">Maple Rapids dispatch (Maple Rapids, Mich. : 1878)</subfield></datafield><datafield ind1="1" ind2="0" tag="245"><subfield code="a">Maple Rapids dispatch.</subfield></datafield><datafield ind1=" " ind2=" " tag="260"><subfield code="a">Maple Rapids, Mich. :</subfield><subfield code="b">Stair Bros.</subfield></datafield><datafield ind1=" " ind2=" " tag="300"><subfield code="a">v. ;</subfield><subfield code="c">51-61 cm.</subfield></datafield><datafield ind1=" " ind2=" " tag="310"><subfield code="a">Weekly</subfield></datafield><datafield ind1="0" ind2=" " tag="362"><subfield code="a">Vol. 1, no. 1 (Oct. 26, 1878)-</subfield></datafield><datafield ind1=" " ind2=" " tag="500"><subfield code="a">Published by E.R. Reed &lt;Aug. 2, 1884&gt;-</subfield></datafield><datafield ind1=" " ind2="0" tag="651"><subfield code="a">Maple Rapids (Mich.)</subfield><subfield code="v">Newspapers.</subfield></datafield><datafield ind1=" " ind2="0" tag="651"><subfield code="a">Clinton County (Mich.)</subfield><subfield code="v">Newspapers.</subfield></datafield><datafield ind1=" " ind2="7" tag="655"><subfield code="a">Newspapers.</subfield><subfield code="2">fast</subfield><subfield code="0">(OCoLC)fst01423814</subfield></datafield><datafield ind1=" " ind2="7" tag="651"><subfield code="a">Michigan</subfield><subfield code="z">Clinton County.</subfield><subfield code="2">fast</subfield><subfield code="0">(OCoLC)fst01214774</subfield></datafield><datafield ind1=" " ind2="7" tag="651"><subfield code="a">Michigan</subfield><subfield code="z">Maple Rapids.</subfield><subfield code="2">fast</subfield><subfield code="0">(OCoLC)fst01283801</subfield></datafield><datafield ind1=" " ind2=" " tag="752"><subfield code="a">United States</subfield><subfield code="b">Michigan</subfield><subfield code="c">Clinton</subfield><subfield code="d">Maple Rapids.</subfield></datafield><datafield ind1="0" ind2="0" tag="785"><subfield code="t">Dispatch (Maple Rapids, Mich.)</subfield><subfield code="w">(DLC)sn 98066967</subfield><subfield code="w">(OCoLC)40476392</subfield></datafield></record>